<?xml version="1.0" encoding="UTF-8"?>
<record xmlns="http://www.loc.gov/MARC21/slim" xmlns:xsi="http://www.w3.org/2001/XMLSchema-instance" xsi:schemaLocation="http://www.loc.gov/MARC21/slim http://www.loc.gov/standards/marcxml/schema/MARC21slim.xsd">
<leader>00000cam a22      a 4500</leader>
<controlfield tag="001">001701073</controlfield>
<controlfield tag="003">NNU</controlfield>
<controlfield tag="005">20151009171231.0</controlfield>
<controlfield tag="008">830527s1955    le fhj   b    001 0 ara d</controlfield>
<datafield tag="035" ind1=" " ind2=" ">
<subfield code="a">(OCoLC)9553997</subfield>
</datafield>
<datafield tag="040" ind1=" " ind2=" ">
<subfield code="a">IXA</subfield>
<subfield code="b">eng</subfield>
<subfield code="c">IXA</subfield>
<subfield code="d">OSU</subfield>
<subfield code="d">OCLCQ</subfield>
<subfield code="d">OCLCA</subfield>
<subfield code="d">OCLCQ</subfield>
<subfield code="d">OCLCF</subfield>
</datafield>
<datafield tag="041" ind1="0" ind2=" ">
<subfield code="a">ara</subfield>
<subfield code="a">fre</subfield>
</datafield>
<datafield tag="050" ind1=" " ind2="4">
<subfield code="a">DS84</subfield>
<subfield code="b">.H33 1955</subfield>
</datafield>
<datafield tag="100" ind1="1" ind2=" ">
<subfield code="6">880-01</subfield>
<subfield code="a">Ḥaydar Aḥmad al-Shihābī, Amīr,</subfield>
<subfield code="d">1761?-1835?</subfield>
</datafield>
<datafield tag="245" ind1="1" ind2="0">
<subfield code="6">880-02</subfield>
<subfield code="a">Tārīkh Aḥmad Bāshā al-Jazzār /</subfield>
<subfield code="c">lil-amīr Ḥaydar Aḥmad Shihāb ; Nasharahu wa-waḍaʻa muqaddimatahu wa-ḥawāshiyah wa-fahārisahu wa-alḥaqahu bi-dhayl tārīkhī Anṭūnyūs Shiblī, Aghnātyūs ʻAbduh Khalīfah.</subfield>
</datafield>
<datafield tag="246" ind1="1" ind2="5">
<subfield code="a">Histoire dʼal-Jazzar</subfield>
</datafield>
<datafield tag="260" ind1=" " ind2=" ">
<subfield code="6">880-03</subfield>
<subfield code="a">Beirut :</subfield>
<subfield code="b">Maktabat Anṭwān,</subfield>
<subfield code="c">1955.</subfield>
</datafield>
<datafield tag="300" ind1=" " ind2=" ">
<subfield code="a">555, 7 pages, [1] leaf of plates :</subfield>
<subfield code="b">facsimiles, genealogical table ;</subfield>
<subfield code="c">24 cm</subfield>
</datafield>
<datafield tag="336" ind1=" " ind2=" ">
<subfield code="a">text</subfield>
<subfield code="b">txt</subfield>
<subfield code="2">rdacontent</subfield>
</datafield>
<datafield tag="337" ind1=" " ind2=" ">
<subfield code="a">unmediated</subfield>
<subfield code="b">n</subfield>
<subfield code="2">rdamedia</subfield>
</datafield>
<datafield tag="338" ind1=" " ind2=" ">
<subfield code="a">volume</subfield>
<subfield code="b">nc</subfield>
<subfield code="2">rdacarrier</subfield>
</datafield>
<datafield tag="546" ind1=" " ind2=" ">
<subfield code="a">Arabic with introduction in French.</subfield>
</datafield>
<datafield tag="504" ind1=" " ind2=" ">
<subfield code="a">Includes bibliographical references and indexes.</subfield>
</datafield>
<datafield tag="600" ind1="0" ind2="0">
<subfield code="6">880-04</subfield>
<subfield code="a">Aḥmad Pasha al-Jazzār,</subfield>
<subfield code="d">approximately 1730-1804.</subfield>
</datafield>
<datafield tag="600" ind1="0" ind2="7">
<subfield code="a">Aḥmad Pasha al-Jazzār,</subfield>
<subfield code="d">approximately 1730-1804.</subfield>
<subfield code="2">fast</subfield>
<subfield code="0">(OCoLC)fst01803606</subfield>
</datafield>
<datafield tag="700" ind1="1" ind2=" ">
<subfield code="6">880-05</subfield>
<subfield code="a">Khalīfah, Ighnāṭiyūs ʻAbduh.</subfield>
</datafield>
<datafield tag="700" ind1="1" ind2=" ">
<subfield code="6">880-06</subfield>
<subfield code="a">Shiblī, Anṭūniyūs.</subfield>
</datafield>
<datafield tag="776" ind1="0" ind2="8">
<subfield code="i">Online version:</subfield>
<subfield code="a">Ḥaydar Aḥmad al-Shihābī, Amīr, 1761?-1835?</subfield>
<subfield code="t">Tārīkh Aḥmad Bāshā al-Jazzār.</subfield>
<subfield code="d">Beirut : Maktabat Anṭwān ; 1955</subfield>
<subfield code="w">(OCoLC)644800183</subfield>
</datafield>
<datafield tag="880" ind1="1" ind2=" ">
<subfield code="6">100-01/</subfield>
<subfield code="a">حيدر أحمد الشهابي، أمير،</subfield>
<subfield code="d">1761؟-1835؟.</subfield>
</datafield>
<datafield tag="880" ind1="1" ind2="0">
<subfield code="6">245-02/</subfield>
<subfield code="a">تاريخ أحمد باشا الجزار /</subfield>
<subfield code="c">للأمير حيدر أحمد شهاب ؛ نشره و وضع مقدمته و حواشيه و فهارسه و ألحقه بذيل تاريخي انطونيوس شبلي، اغناطيوس عبده خليفه.</subfield>
</datafield>
<datafield tag="880" ind1=" " ind2=" ">
<subfield code="6">260-03/</subfield>
<subfield code="a">بيروت :</subfield>
<subfield code="b">مكتبة انطوان،</subfield>
<subfield code="c">١٩٥٥.</subfield>
</datafield>
<datafield tag="880" ind1="0" ind2="4">
<subfield code="6">600-04/</subfield>
<subfield code="a">أحمد باشا الجزار،,</subfield>
<subfield code="d">approximately 1730-1804.</subfield>
</datafield>
<datafield tag="880" ind1="1" ind2=" ">
<subfield code="6">700-05/</subfield>
<subfield code="a">خليفه، اغناطيوس عبده.</subfield>
</datafield>
<datafield tag="880" ind1="1" ind2=" ">
<subfield code="6">700-06/</subfield>
<subfield code="a">شبلي، انطونيوس.</subfield>
</datafield>
<datafield tag="OWN" ind1=" " ind2=" ">
<subfield code="a">GENERAL</subfield>
</datafield>
<datafield tag="AVA" ind1=" " ind2=" ">
<subfield code="a">NYU50</subfield>
<subfield code="b">BOBST</subfield>
<subfield code="c">Main Collection</subfield>
<subfield code="d">DS84 .H33</subfield>
<subfield code="e">unavailable</subfield>
<subfield code="t">Unavailable</subfield>
<subfield code="f">1</subfield>
<subfield code="g">1</subfield>
<subfield code="h">N</subfield>
<subfield code="i">0</subfield>
<subfield code="j">MAIN</subfield>
<subfield code="k">0</subfield>
</datafield>
</record>
